<record xmlns="http://www.loc.gov/MARC21/slim" xmlns:xsi="http://www.w3.org/2001/XMLSchema-instance" xsi:schemaLocation="http://www.loc.gov/MARC21/slim http://www.loc.gov/standards/marcxml/schema/MARC21slim.xsd"><leader>01700nam a2200361   4500</leader><controlfield tag="001">001689308</controlfield><controlfield tag="003">NNU</controlfield><controlfield tag="006">m        d        </controlfield><controlfield tag="007">cr cn |||m|||a</controlfield><controlfield tag="008">150116s1955    sy      o     000 0 ara d</controlfield><datafield ind1=" " ind2=" " tag="040"><subfield code="a">NNU</subfield><subfield code="b">eng</subfield><subfield code="c">NNU</subfield></datafield><datafield ind1=" " ind2="4" tag="050"><subfield code="a">PJ6065</subfield><subfield code="b">.A4 1955</subfield></datafield><datafield ind1=" " ind2=" " tag="066"><subfield code="c">(3</subfield></datafield><datafield ind1=" " ind2=" " tag="090"><subfield code="a">PJ6065</subfield><subfield code="b">.A4 1955</subfield></datafield><datafield ind1="1" ind2=" " tag="100"><subfield code="6">880-01</subfield><subfield code="a">Afgh&#257;n&#299;, Sa&#699;&#299;d</subfield></datafield><datafield ind1="1" ind2="0" tag="245"><subfield code="6">880-02</subfield><subfield code="a">Mudhakkir&#257;t f&#299; qaw&#257;&#699;id al-lughah al-&#699;Arab&#299;yah min minh&#257;j al-sanat al-&#363;l&#225; f&#299; Kull&#299;yat al-Ad&#257;b</subfield><subfield code="h">[electronic resource] /</subfield><subfield code="c">Sa&#699;&#299;d al-Afgh&#257;n&#299;.</subfield></datafield><datafield ind1=" " ind2=" " tag="250"><subfield code="6">880-03</subfield><subfield code="a">&#7788;ab&#699;ah 4.</subfield></datafield><datafield ind1=" " ind2=" " tag="260"><subfield code="6">880-04</subfield><subfield code="a">Dimashq :</subfield><subfield code="b">J&#257;mi&#699;at Dimashq,</subfield><subfield code="c">[1955]</subfield></datafield><datafield ind1=" " ind2=" " tag="300"><subfield code="a">online resource (216 p.)</subfield></datafield><datafield ind1=" " ind2=" " tag="500"><subfield code="a">Part of the Arabic Collections Online (ACO) project, contributed by New York Univeristy Libraries.</subfield></datafield><datafield ind1=" " ind2=" " tag="533"><subfield code="a">Electronic reproduction.</subfield><subfield code="b">New York, N.Y. :</subfield><subfield code="c">New York University,</subfield><subfield code="d">2015.</subfield><subfield code="5">NNU</subfield></datafield><datafield ind1=" " ind2="0" tag="650"><subfield code="a">Arabic language</subfield><subfield code="x">Study and teaching.</subfield></datafield><datafield ind1=" " ind2="0" tag="650"><subfield code="a">Arabic language</subfield><subfield code="x">Syntax.</subfield></datafield><datafield ind1="2" ind2=" " tag="710"><subfield code="a">New York University.</subfield><subfield code="b">Libraries.</subfield></datafield><datafield ind1="0" ind2=" " tag="730"><subfield code="a">Arabic Collections Online.</subfield></datafield><datafield ind1="0" ind2="8" tag="776"><subfield code="i">Print version:</subfield><subfield code="a">Afgh&#257;n&#299;, Sa&#699;&#299;d 880-01</subfield><subfield code="t">Mudhakkir&#257;t f&#299; qaw&#257;&#699;id al-lughah al-&#699;Arab&#299;yah min minh&#257;j al-sanat al-&#363;l&#225; f&#299; Kull&#299;yat al-Ad&#257;b</subfield><subfield code="w">(NNU)001689308</subfield></datafield><datafield ind1="4" ind2="0" tag="856"><subfield code="u">http://hdl.handle.net/2333.1/dncjt0cv</subfield></datafield><datafield ind1="1" ind2=" " tag="880"><subfield code="6">100-01/</subfield><subfield code="a">&#1571;&#1601;&#1594;&#1575;&#1606;&#1610;&#1548; &#1587;&#1593;&#1610;&#1583;.</subfield></datafield><datafield ind1="1" ind2="0" tag="880"><subfield code="6">245-02/</subfield><subfield code="a">&#1583;&#1577;&#1603;&#1585;&#1575;&#1578; &#1601;&#1610; &#1602;&#1608;&#1575;&#1593;&#1583; &#1575;&#1604;&#1604;&#1594;&#1577; &#1575;&#1604;&#1593;&#1585;&#1576;&#1610;&#1577; &#1605;&#1606; &#1605;&#1606;&#1607;&#1575;&#1580; &#1575;&#1604;&#1587;&#1606;&#1577; &#1575;&#1604;&#1571;&#1608;&#1604;&#1609; &#1601;&#1610; &#1603;&#1604;&#1610;&#1577; &#1575;&#1604;&#1570;&#1583;&#1575;&#1576; /</subfield><subfield code="c">&#1587;&#1593;&#1610;&#1583; &#1575;&#1604;&#1571;&#1601;&#1594;&#1575;&#1606;&#1610;.</subfield></datafield><datafield ind1=" " ind2=" " tag="880"><subfield code="6">250-03/</subfield><subfield code="a">&#1591;&#1576;&#1593;&#1577; &#1636;.</subfield></datafield><datafield ind1=" " ind2=" " tag="880"><subfield code="6">260-04/</subfield><subfield code="a">&#1583;&#1605;&#1588;&#1602; :</subfield><subfield code="b">&#1580;&#1575;&#1605;&#1593;&#1577; &#1583;&#1605;&#1588;&#1602;&#1548;</subfield><subfield code="c">[1955]</subfield></datafield><datafield ind1=" " ind2=" " tag="959"><subfield code="a">NNU</subfield><subfield code="b">WEB</subfield><subfield code="c">GENI</subfield><subfield code="t">0</subfield><subfield code="m">Electronic access</subfield><subfield code="s">01</subfield></datafield><datafield ind1=" " ind2=" " tag="999"><subfield code="i">NNU_001689308</subfield><subfield code="o" /></datafield></record>